<?xml version="1.0"?>
<marc:records xmlns:marc="http://www.loc.gov/MARC21/slim" xmlns:xsi="http://www.w3.org/2001/XMLSchema-instance" xsi:schemaLocation="http://www.loc.gov/MARC21/slim http://www.loc.gov/standards/marcxml/schema/MARC21slim.xsd">
  <marc:record>
    <marc:leader>05052ctmaa2200565Ia 4500</marc:leader>
    <marc:controlfield tag="001">9961384913503681</marc:controlfield>
    <marc:controlfield tag="005">20191003131937.0</marc:controlfield>
    <marc:controlfield tag="008">140407s1895    mr            000 0 ara d</marc:controlfield>
    <marc:datafield ind1=" " ind2=" " tag="035">
  <marc:subfield code="a">(OCoLC)ocn875880846</marc:subfield>
</marc:datafield>
    <marc:datafield ind1=" " ind2=" " tag="035">
  <marc:subfield code="a">(PUVoyagerBIBID)6138491</marc:subfield>
</marc:datafield>
    <marc:datafield ind1=" " ind2=" " tag="035">
  <marc:subfield code="a">6138491</marc:subfield>
</marc:datafield>
    <marc:datafield ind1=" " ind2=" " tag="035">
  <marc:subfield code="a">(OCoLC)875880846</marc:subfield>
</marc:datafield>
    <marc:datafield ind1=" " ind2=" " tag="035">
  <marc:subfield code="a">(PU)6138491-penndb-Voyager</marc:subfield>
</marc:datafield>
    <marc:datafield ind1=" " ind2=" " tag="040">
  <marc:subfield code="a">PAU</marc:subfield>
  <marc:subfield code="b">eng</marc:subfield>
  <marc:subfield code="c">PAU</marc:subfield>
  <marc:subfield code="e">dacs</marc:subfield>
</marc:datafield>
    <marc:datafield ind1=" " ind2=" " tag="043">
  <marc:subfield code="a">f-mr---</marc:subfield>
</marc:datafield>
    <marc:datafield ind1=" " ind2=" " tag="049">
  <marc:subfield code="a">PAUU</marc:subfield>
</marc:datafield>
    <marc:datafield ind1=" " ind2=" " tag="079">
  <marc:subfield code="a">ocn875880844</marc:subfield>
</marc:datafield>
    <marc:datafield ind1=" " ind2="9" tag="099">
  <marc:subfield code="a">Ms. Coll. 960</marc:subfield>
</marc:datafield>
    <marc:datafield ind1="1" ind2=" " tag="100">
  <marc:subfield code="6">880-01</marc:subfield>
  <marc:subfield code="a">Bin Ah&#x323;mad, Ah&#x323;mad bin Mu&#x304;sa&#x301;.</marc:subfield>
</marc:datafield>
    <marc:datafield ind1="1" ind2="0" tag="245">
  <marc:subfield code="6">880-02</marc:subfield>
  <marc:subfield code="a">Risa&#x304;lat Ah&#x323;mad ibn Mu&#x304;sa&#x301; ibn Ah&#x323;mad ila&#x301; al-qa&#x304;d&#x323;iyayn Muh&#x323;ammad ibn Muh&#x323;ammad wa-H&#x323;ami&#x304;d Banna&#x304;ni&#x304; h&#x323;awla sharh&#x323; al-Ih&#x323;ya&#x304;&#x2BC;,</marc:subfield>
  <marc:subfield code="f">A.H. 1312 (1895).</marc:subfield>
</marc:datafield>
    <marc:datafield ind1="3" ind2=" " tag="246">
  <marc:subfield code="a">Risa&#x304;lat Ah&#x323;mad bin Mu&#x304;sa&#x301; bin Ah&#x323;mad ila&#x301; al-qa&#x304;d&#x323;iyayn Muh&#x323;ammad bin Muh&#x323;ammad wa-H&#x323;ami&#x304;d Banna&#x304;ni&#x304; h&#x323;awla sharh&#x323; al-Ih&#x323;ya&#x304;&#x2BC;</marc:subfield>
</marc:datafield>
    <marc:datafield ind1=" " ind2=" " tag="300">
  <marc:subfield code="a">1</marc:subfield>
  <marc:subfield code="f">item (1 bifolium) :</marc:subfield>
  <marc:subfield code="b">paper ;</marc:subfield>
  <marc:subfield code="c">175 x 110 mm.</marc:subfield>
</marc:datafield>
    <marc:datafield ind1=" " ind2=" " tag="500">
  <marc:subfield code="a">Title from handlist.</marc:subfield>
</marc:datafield>
    <marc:datafield ind1=" " ind2=" " tag="500">
  <marc:subfield code="a">Dated A.H. 24 Rajab 1312 (20 January 1895).</marc:subfield>
</marc:datafield>
    <marc:datafield ind1=" " ind2=" " tag="500">
  <marc:subfield code="a">Probably written in Morocco, in Maghribi script.</marc:subfield>
</marc:datafield>
    <marc:datafield ind1="4" ind2=" " tag="510">
  <marc:subfield code="a">Listed in the Fez Lithographs Collection Handlist,</marc:subfield>
  <marc:subfield code="c">H. 116.</marc:subfield>
</marc:datafield>
    <marc:datafield ind1=" " ind2=" " tag="520">
  <marc:subfield code="a">Letter from Ah&#x323;mad bin Mu&#x304;sa&#x301; bin Ah&#x323;mad, Vizier of al-Sult&#x323;a&#x304;n al-H&#x323;asan al-Awwal, concerning Fez lithographs.</marc:subfield>
</marc:datafield>
    <marc:datafield ind1=" " ind2=" " tag="524">
  <marc:subfield code="a">UPenn Ms. Coll. 960, Item 7.</marc:subfield>
</marc:datafield>
    <marc:datafield ind1=" " ind2=" " tag="546">
  <marc:subfield code="a">In Arabic.</marc:subfield>
</marc:datafield>
    <marc:datafield ind1="1" ind2=" " tag="561">
  <marc:subfield code="a">Sold as part of the Fez Lithographs Collection by Fawzi Abdulrazak (Cambridge, Massachusetts), 2013.</marc:subfield>
</marc:datafield>
    <marc:datafield ind1=" " ind2=" " tag="590">
  <marc:subfield code="a">Acquired for the Penn Libraries with assistance from the Allan G. Chester and Florence K. Chester Fund.</marc:subfield>
</marc:datafield>
    <marc:datafield ind1="1" ind2="0" tag="600">
  <marc:subfield code="6">880-03</marc:subfield>
  <marc:subfield code="a">Murtad&#x323;a&#x301; al-Zabi&#x304;di&#x304;, Muh&#x323;ammad ibn Muh&#x323;ammad,</marc:subfield>
  <marc:subfield code="d">1732 or 1733-1791.</marc:subfield>
  <marc:subfield code="t">Ith&#x323;a&#x304;f al-sa&#x304;dah al-muttaqi&#x304;n bi-sharh&#x323; asra&#x304;r Ih&#x323;ya&#x304;&#x2BC; &#x2BB;ulu&#x304;m al-di&#x304;n.</marc:subfield>
</marc:datafield>
    <marc:datafield ind1=" " ind2="0" tag="650">
  <marc:subfield code="a">Publishers and publishing</marc:subfield>
  <marc:subfield code="z">Morocco.</marc:subfield>
</marc:datafield>
    <marc:datafield ind1=" " ind2="7" tag="655">
  <marc:subfield code="a">Correspondence.</marc:subfield>
  <marc:subfield code="2">aat</marc:subfield>
</marc:datafield>
    <marc:datafield ind1=" " ind2="0" tag="655">
  <marc:subfield code="a">Manuscripts, Arabic</marc:subfield>
  <marc:subfield code="y">19th century.</marc:subfield>
</marc:datafield>
    <marc:datafield ind1=" " ind2="0" tag="655">
  <marc:subfield code="a">Manuscripts</marc:subfield>
  <marc:subfield code="z">Morocco</marc:subfield>
  <marc:subfield code="y">19th century.</marc:subfield>
</marc:datafield>
    <marc:datafield ind1="1" ind2=" " tag="700">
  <marc:subfield code="a">Abdulrazak, Fawzi,</marc:subfield>
  <marc:subfield code="e">former owner.</marc:subfield>
</marc:datafield>
    <marc:datafield ind1="2" ind2=" " tag="710">
  <marc:subfield code="a">Fez Lithographs Collection (University of Pennsylvania)</marc:subfield>
</marc:datafield>
    <marc:datafield ind1="2" ind2=" " tag="710">
  <marc:subfield code="a">Allan G. Chester and Florence K. Chester Fund.</marc:subfield>
  <marc:subfield code="5">PU</marc:subfield>
</marc:datafield>
    <marc:datafield ind1="0" ind2=" " tag="740">
  <marc:subfield code="6">880-04</marc:subfield>
  <marc:subfield code="a">Risa&#x304;lah ila&#x301; al-qa&#x304;d&#x323;iyayn Muh&#x323;ammad ibn Muh&#x323;ammad wa-H&#x323;ami&#x304;d Banna&#x304;ni&#x304; h&#x323;awla sharh&#x323; al-Ih&#x323;ya&#x304;&#x2BC;.</marc:subfield>
</marc:datafield>
    <marc:datafield ind1="0" ind2=" " tag="773">
  <marc:subfield code="t">Collection of Fez Manuscripts.</marc:subfield>
  <marc:subfield code="g">Item 7</marc:subfield>
</marc:datafield>
    <marc:datafield ind1="0" ind2="0" tag="773">
  <marc:subfield code="t">Allan G. Chester and Florence K. Chester Fund.</marc:subfield>
</marc:datafield>
    <marc:datafield ind1=" " ind2=" " tag="852">
  <marc:subfield code="b">Kislak Center for Special Collections, Rare Books and Manuscripts</marc:subfield>
  <marc:subfield code="a">University of Pennsylvania</marc:subfield>
  <marc:subfield code="e">3420 Walnut Street, Philadelphia, Pennsylvania 19104-6206.</marc:subfield>
  <marc:subfield code="j">Ms. Coll. 960</marc:subfield>
</marc:datafield>
    <marc:datafield ind1="4" ind2="1" tag="856">
  <marc:subfield code="z">Facsimile</marc:subfield>
  <marc:subfield code="u">http://hdl.library.upenn.edu/1017/d/medren/6138491</marc:subfield>
</marc:datafield>
    <marc:datafield ind1="4" ind2="2" tag="856">
  <marc:subfield code="3">The Allan G. Chester and Florence K. Chester Fund Home Page</marc:subfield>
  <marc:subfield code="u">http://hdl.library.upenn.edu/1017.12/366196</marc:subfield>
</marc:datafield>
    <marc:datafield ind1="1" ind2=" " tag="880">
  <marc:subfield code="6">100-01/r</marc:subfield>
  <marc:subfield code="a">&#x628;&#x646; &#x623;&#x62D;&#x645;&#x62F;&#x60C; &#x623;&#x62D;&#x645;&#x62F; &#x628;&#x646; &#x645;&#x648;&#x633;&#x649;.</marc:subfield>
</marc:datafield>
    <marc:datafield ind1="1" ind2="0" tag="880">
  <marc:subfield code="6">245-02/r</marc:subfield>
  <marc:subfield code="a">&#x631;&#x633;&#x627;&#x644;&#x629; &#x623;&#x62D;&#x645;&#x62F; &#x628;&#x646; &#x645;&#x648;&#x633;&#x649; &#x628;&#x646; &#x623;&#x62D;&#x645;&#x62F; &#x625;&#x644;&#x649; &#x627;&#x644;&#x642;&#x627;&#x636;&#x64A;&#x64A;&#x646; &#x645;&#x62D;&#x645;&#x62F; &#x628;&#x646; &#x645;&#x62D;&#x645;&#x62F; &#x648;&#x62D;&#x645;&#x64A;&#x62F; &#x628;&#x646;&#x627;&#x646;&#x64A; &#x62D;&#x648;&#x644; &#x634;&#x631;&#x62D; &#x627;&#x644;&#x625;&#x62D;&#x64A;&#x627;&#x621;.</marc:subfield>
</marc:datafield>
    <marc:datafield ind1="1" ind2="4" tag="880">
  <marc:subfield code="6">600-03/r</marc:subfield>
  <marc:subfield code="a">&#x645;&#x631;&#x62A;&#x636;&#x649; &#x627;&#x644;&#x632;&#x628;&#x64A;&#x62F;&#x64A;&#x60C; &#x645;&#x62D;&#x645;&#x62F; &#x628;&#x646; &#x645;&#x62D;&#x645;&#x62F;&#x60C;</marc:subfield>
  <marc:subfield code="d">1732 &#x623;&#x648; 1733-1791.</marc:subfield>
  <marc:subfield code="t">&#x625;&#x62A;&#x62D;&#x627;&#x641; &#x627;&#x644;&#x633;&#x627;&#x62F;&#x629; &#x627;&#x644;&#x645;&#x62A;&#x642;&#x64A;&#x646; &#x628;&#x634;&#x631;&#x62D; &#x623;&#x633;&#x631;&#x627;&#x631; &#x625;&#x62D;&#x64A;&#x627;&#x621; &#x639;&#x644;&#x648;&#x645; &#x627;&#x644;&#x62F;&#x64A;&#x646;.</marc:subfield>
</marc:datafield>
    <marc:datafield ind1="0" ind2=" " tag="880">
  <marc:subfield code="6">740-04/r</marc:subfield>
  <marc:subfield code="a">&#x631;&#x633;&#x627;&#x644;&#x629; &#x625;&#x644;&#x649; &#x627;&#x644;&#x642;&#x627;&#x636;&#x64A;&#x64A;&#x646; &#x645;&#x62D;&#x645;&#x62F; &#x628;&#x646; &#x645;&#x62D;&#x645;&#x62F; &#x648;&#x62D;&#x645;&#x64A;&#x62F; &#x628;&#x646;&#x627;&#x646;&#x64A; &#x62D;&#x648;&#x644; &#x634;&#x631;&#x62D; &#x627;&#x644;&#x625;&#x62D;&#x64A;&#x627;&#x621;.</marc:subfield>
</marc:datafield>
    <marc:datafield ind1=" " ind2=" " tag="994">
  <marc:subfield code="a">C0</marc:subfield>
  <marc:subfield code="b">PAU</marc:subfield>
</marc:datafield>
    <marc:datafield ind1=" " ind2=" " tag="999">
  <marc:subfield code="a">DLA</marc:subfield>
  <marc:subfield code="b">20161019</marc:subfield>
</marc:datafield>
    <marc:holdings>
      <marc:holding>
        <marc:holding_id>22258613060003681</marc:holding_id>
        <marc:call_number>Ms. Coll. 960</marc:call_number>
        <marc:library>KislakCntr</marc:library>
        <marc:location>scmss</marc:location>
      </marc:holding>
    </marc:holdings>
  </marc:record>
</marc:records>
